@article{serafini2016logic,
  title={Logic tensor networks: Deep learning and logical reasoning from data and knowledge},
  author={Serafini, Luciano and Garcez, Artur d'Avila},
  journal={arXiv preprint arXiv:1606.04422},
  year={2016}
}
@book{bergmann2008introduction,
  title={An introduction to many-valued and fuzzy logic: semantics, algebras, and derivation systems},
  author={Bergmann, Merrie},
  year={2008},
  publisher={Cambridge University Press}
}
